@online {ronen.j:2015:ocarina,
	year = {2015},
	editor = {Ronén, Júda},
	title = {Okarineto {\normalfont({\Hebrew{אוֹקַלִינָה}})}},
	subtitle = {facilaj muzikaĵoj por okarino ({\normalfont\Hebrew{נעימות קלות לנגינה באוקרינה}}; \emph{easy pieces for the ocarina})},
	language = {Esperanto and Hebrew},
	url = {xpr.digitalwords.net/ocarina},
	keywords = {music},
}

@online {ronen.j:2014:ukulele,
	year = {2014},
	editor = {Ronén, Júda},
	title = {Ukulele Facilele {\normalfont({\Hebrew{אוּקַלֵּיקַלּוּת}}})},
	subtitle = {facilaj muzikaĵoj por ukulelo {\normalfont({\Hebrew{נעימות קלות לנגינה באוקוללה}}; \emph{easy pieces for the ukulele})}},
	language = {Hebrew},
	url = {xpr.digitalwords.net/ukulele},
	keywords = {music},
}

@online {wikisource:aels,
	editor	= {Skeat, Walter W.},
	editora = {Ronén, Júda},
	editoratype = {Digitised by},
	title		= {Ælfric’s Lives of Saints},
	subtitle = {being a set of sermons on saints’ days formerly observed by the English Church},
	titleaddon = {Wikisource digital edition},
	year = {2013},
	url = {https://en.wikisource.org/wiki/Ælfric's_Lives_of_Saints},
	keywords = {text},
	language = {Old English},
}

@online {babel,
	year = {2010},
	editor = {Ronén, Júda},
	title = {Babel {\normalfont({\Hebrew{בָּבֶל}})}},
	subtitle = {journal for translation from the world’s languages {\normalfont({\Hebrew{כתב־עת לתרגום מלשונות העולם}})}},
	language = {Hebrew, translated from various languages},
	url = {bbl.digitalwords.net},
	keywords = {text},
}
